<?xml version="1.0" encoding="UTF-8"?><collection xmlns="http://www.loc.gov/MARC21/slim"><record><leader>00408nam--2200133-i-4500</leader><controlfield tag="001">000004507</controlfield><controlfield tag="002">20161230</controlfield><controlfield tag="005">20161230201025</controlfield><controlfield tag="008">060222s1000------------r-----000-0-eng-d</controlfield><datafield ind1=" " ind2=" " tag="080"><subfield code="a">666.98</subfield></datafield><datafield ind1=" " ind2=" " tag="100"><subfield code="a">Cismigiu, Al., Popovici, M</subfield></datafield><datafield ind1=" " ind2=" " tag="245"><subfield code="a">Beton armat cu otel rigid.aplicatii la proiect area constructiilor inalte</subfield></datafield><datafield ind1=" " ind2=" " tag="260"><subfield code="a">Bucuresti, Ed.De Stat Pt.Arhitectura Si Constr Uctii, 1954. 140 P</subfield></datafield><datafield ind1=" " ind2=" " tag="852"><subfield code="a">5897</subfield></datafield></record></collection>